<collection xmlns="http://www.loc.gov/MARC21/slim">
<record>
  <leader>01282nam0a2200277 i 450 </leader>
  <controlfield tag="001">IT\ICCU\CNCE\050180</controlfield>
  <controlfield tag="005">20071115000000.0</controlfield>
  <datafield tag="012" ind1=" " ind2=" ">
    <subfield code="a">r,a, r,r. g-la r,e, (C) 1576 (R)</subfield>
    <subfield code="2">fei</subfield>
  </datafield>
  <datafield tag="100" ind1=" " ind2=" ">
    <subfield code="a">20000104d1576        0itac0103    ba</subfield>
  </datafield>
  <datafield tag="101" ind1=" " ind2=" ">
    <subfield code="a">ITA</subfield>
  </datafield>
  <datafield tag="102" ind1=" " ind2=" ">
    <subfield code="a">IT</subfield>
  </datafield>
  <datafield tag="200" ind1="1" ind2=" ">
    <subfield code="a">Tre canzoni del Fortunato: nella prima la figliuola chiede marito alla madre, nella seconda la madre gli da la risposta, nella terza si lamenta che  ̈mal maritata. Con vna essortazione alli padri di famiglia</subfield>
  </datafield>
  <datafield tag="210" ind1=" " ind2=" ">
    <subfield code="a">In Fiorenza</subfield>
    <subfield code="c">ad instanzia di Giouanni Vuolfio inglese</subfield>
    <subfield code="d">1576</subfield>
  </datafield>
  <datafield tag="215" ind1=" " ind2=" ">
    <subfield code="a">\4! c.</subfield>
    <subfield code="c">8ʻ</subfield>
  </datafield>
  <datafield tag="620" ind1=" " ind2=" ">
    <subfield code="a">IT</subfield>
    <subfield code="d">Firenze</subfield>
  </datafield>
  <datafield tag="700" ind1=" " ind2="0">
    <subfield code="a">Fortunato</subfield>
    <subfield code="3">IT\ICCU\CNCA\006450</subfield>
  </datafield>
  <datafield tag="712" ind1="0" ind2="0">
    <subfield code="a">Wolf, John</subfield>
    <subfield code="3">IT\ICCU\CNCT\000723</subfield>
    <subfield code="4">650</subfield>
  </datafield>
  <datafield tag="790" ind1=" " ind2="1">
    <subfield code="a">Taglietti,</subfield>
    <subfield code="b">Maffeo</subfield>
    <subfield code="3">IT\ICCU\CNCA\014963</subfield>
    <subfield code="z">Fortunato</subfield>
  </datafield>
  <datafield tag="791" ind1="0" ind2="0">
    <subfield code="a">Melagrano, Giovanni Andrea del</subfield>
    <subfield code="3">IT\ICCU\CNCT\002952</subfield>
    <subfield code="z">Wolf, John</subfield>
  </datafield>
  <datafield tag="791" ind1="0" ind2="0">
    <subfield code="a">Pernetto, Giovanni Vincenzo del</subfield>
    <subfield code="3">IT\ICCU\CNCT\002953</subfield>
    <subfield code="z">Wolf, John</subfield>
  </datafield>
  <datafield tag="791" ind1="0" ind2="0">
    <subfield code="a">Volfeo, Giovanni</subfield>
    <subfield code="3">IT\ICCU\CNCT\004173</subfield>
    <subfield code="z">Wolf, John</subfield>
  </datafield>
  <datafield tag="791" ind1="0" ind2="0">
    <subfield code="a">Vuolfio, Giovanni</subfield>
    <subfield code="3">IT\ICCU\CNCT\005769</subfield>
    <subfield code="z">Wolf, John</subfield>
  </datafield>
  <datafield tag="791" ind1="0" ind2="0">
    <subfield code="a">Wolfio, Giovanni</subfield>
    <subfield code="3">IT\ICCU\CNCT\005770</subfield>
    <subfield code="z">Wolf, John</subfield>
  </datafield>
  <datafield tag="791" ind1="0" ind2="0">
    <subfield code="a">Wolfe, John</subfield>
    <subfield code="3">IT\ICCU\CNCT\005771</subfield>
    <subfield code="z">Wolf, John</subfield>
  </datafield>
  <datafield tag="801" ind1=" " ind2="3">
    <subfield code="a">IT</subfield>
    <subfield code="b">ICCU</subfield>
    <subfield code="c">20201115</subfield>
  </datafield>
  <datafield tag="899" ind1=" " ind2=" ">
    <subfield code="a">Biblioteca nazionale Marciana. Venezia</subfield>
    <subfield code="1">VE0049</subfield>
    <subfield code="2">VEA BM</subfield>
  </datafield>
</record>
</collection>
